
@book{witten2005data,
	title={Data Mining: Practical Machine Learning Tools and Techniques, Second Edition},
	author={Witten, I.H. and Frank, E.},
	isbn={9780080477022},
	lccn={2005043385},
	series={The Morgan Kaufmann Series in Data Management Systems},
	url={https://books.google.com.br/books?id=QTnOcZJzlUoC},
	year={2005},
	publisher={Elsevier Science}
}