@book{yegnanarayana2009artificial,
	title={ARTIFICIAL NEURAL NETWORKS},
	author={YEGNANARAYANA, B.},
	isbn={9788120312531},
	year={2009},
	publisher={PHI Learning}
}

@book{Mitchell1997,
  title = {Machine Learning},
  publisher = {McGraw-Hill, Inc.},
  year = {1997},
  author = {Mitchell, T. M.},
  edition = {1rd}
}

@article{torrey2009transfer,
	title={Transfer learning},
	author={Torrey, Lisa and Shavlik, Jude},
	year={2009}
}

@inproceedings{krizhevsky2012imagenet,
	title={Imagenet classification with deep convolutional neural networks},
	author={Krizhevsky, Alex and Sutskever, Ilya and Hinton, Geoffrey E},
	booktitle={Advances in neural information processing systems},
	pages={1097--1105},
	year={2012}
}

@book{witten2005data,
	title={Data Mining: Practical Machine Learning Tools and Techniques, Second Edition},
	author={Witten, I.H. and Frank, E.},
	isbn={9780080477022},
	lccn={2005043385},
	series={The Morgan Kaufmann Series in Data Management Systems},
	url={https://books.google.com.br/books?id=QTnOcZJzlUoC},
	year={2005},
	publisher={Elsevier Science}
}

@article{simonyan2014very,
	title={Very deep convolutional networks for large-scale image recognition},
	author={Simonyan, Karen and Zisserman, Andrew},
	journal={arXiv preprint arXiv:1409.1556},
	year={2014}
}

@article{ILSVRC15,
	Author = {Olga Russakovsky and Jia Deng and Hao Su and Jonathan Krause and Sanjeev Satheesh and Sean Ma and Zhiheng Huang and Andrej Karpathy and Aditya Khosla and Michael Bernstein and Alexander C. Berg and Li Fei-Fei},
	Title = {{ImageNet Large Scale Visual Recognition Challenge}},
	Year = {2015},
	journal   = {International Journal of Computer Vision (IJCV)},
	doi = {10.1007/s11263-015-0816-y},
	volume={115},
	number={3},
	pages={211-252}
}

@book{russell2003artificial,
	title={Artificial intelligence: a modern approach},
	author={Russell, Stuart Jonathan and Norvig, Peter and Canny, John F and Malik, Jitendra M and Edwards, Douglas D},
	volume={2},
	year={2003},
	publisher={Prentice hall Upper Saddle River}
}

@book{darwin1909origin,
	title={The Origin of Species},
	author={Darwin, Charles Robert},
	volume={XI},
	year={1909-14},
	publisher={P.F. Collier \& Son},
	collection={The Harvard Classics}
}
